<?xml version="1.0" encoding="UTF-8"?><collection xmlns="http://www.loc.gov/MARC21/slim"><record><leader>00377nam--2200133-i-4500</leader><controlfield tag="001">000032796</controlfield><controlfield tag="002">20161230</controlfield><controlfield tag="005">20161230201039</controlfield><controlfield tag="008">060222s1000------------r-----000-0-eng-d</controlfield><datafield ind1=" " ind2=" " tag="080"><subfield code="a">621.382.3:621.37.029.6</subfield></datafield><datafield ind1=" " ind2=" " tag="245"><subfield code="a">Microwave semiconductor devices and their circuit applications</subfield></datafield><datafield ind1=" " ind2=" " tag="260"><subfield code="a">New York, Mcgraw-hill Book Co.,1969. Xv+617p</subfield></datafield><datafield ind1=" " ind2=" " tag="700"><subfield code="a">H.A.Watson</subfield></datafield><datafield ind1=" " ind2=" " tag="852"><subfield code="a">30484</subfield></datafield></record></collection>